<record xmlns="http://www.loc.gov/MARC21/slim" xmlns:xsi="http://www.w3.org/2001/XMLSchema-instance" xsi:schemaLocation="http://www.loc.gov/MARC21/slim http://www.loc.gov/standards/marcxml/schema/MARC21slim.xsd"><leader>     nam a22        4500</leader><controlfield tag="001">1681684</controlfield><controlfield tag="003">NIC</controlfield><controlfield tag="006">m        d        </controlfield><controlfield tag="007">cr cn |||m|||a</controlfield><controlfield tag="008">150323m19511952ua      o     000 0 araod</controlfield><datafield ind1=" " ind2=" " tag="040"><subfield code="a">NNU</subfield><subfield code="b">eng</subfield><subfield code="c">NNU</subfield></datafield><datafield ind1=" " ind2="4" tag="050"><subfield code="a">KBP491</subfield><subfield code="b">.M35 1951</subfield></datafield><datafield ind1="1" ind2=" " tag="100"><subfield code="6">880-01</subfield><subfield code="a">Makhlu&#772;f, H&#803;asanayn Muh&#803;ammad,</subfield><subfield code="d">1890-</subfield></datafield><datafield ind1="1" ind2="0" tag="245"><subfield code="6">880-02</subfield><subfield code="a">Fata&#772;wa&#769; shar&#699;i&#772;yah wa-buh&#803;u&#772;th Isla&#772;mi&#772;yah</subfield><subfield code="h">[electronic resource] /</subfield><subfield code="c">bi-qalam H&#803;asanayn Muh&#803;ammad Makhlu&#772;f.</subfield></datafield><datafield ind1=" " ind2=" " tag="260"><subfield code="6">880-03</subfield><subfield code="a">Mis&#803;r :</subfield><subfield code="b">Da&#772;r al-Kita&#772;b al-&#699;Arabi&#772;,</subfield><subfield code="c">1951-1952.</subfield></datafield><datafield ind1=" " ind2=" " tag="300"><subfield code="a">online resource (2 v.)</subfield></datafield><datafield ind1=" " ind2=" " tag="500"><subfield code="a">Part of the Arabic Collections Online (ACO) project, contributed by Cornell University Libraries.</subfield></datafield><datafield ind1=" " ind2=" " tag="533"><subfield code="a">Electronic reproduction.</subfield><subfield code="b">New York, N.Y. :</subfield><subfield code="c">New York University,</subfield><subfield code="d">2015.</subfield><subfield code="5">NNU</subfield></datafield><datafield ind1=" " ind2="0" tag="650"><subfield code="a">Fatwas.</subfield></datafield><datafield ind1=" " ind2="0" tag="650"><subfield code="a">Islamic law.</subfield></datafield><datafield ind1=" " ind2="7" tag="650"><subfield code="a">Fatwas.</subfield><subfield code="2">fast</subfield><subfield code="0">(OCoLC)fst00921976</subfield></datafield><datafield ind1=" " ind2="7" tag="650"><subfield code="a">Islamic law.</subfield><subfield code="2">fast</subfield><subfield code="0">(OCoLC)fst00979949</subfield></datafield><datafield ind1="2" ind2=" " tag="710"><subfield code="a">Cornell University.</subfield><subfield code="b">Libraries.</subfield></datafield><datafield ind1="0" ind2=" " tag="730"><subfield code="a">Arabic Collections Online.</subfield></datafield><datafield ind1="0" ind2="8" tag="776"><subfield code="i">Online version:</subfield><subfield code="a">Makhlu&#772;f, H&#803;asanayn Muh&#803;ammad, 1890-</subfield><subfield code="t">Fata&#772;wa&#769; shar&#699;i&#772;yah wa-buh&#803;u&#772;th Isla&#772;mi&#772;yah.</subfield><subfield code="d">Mis&#803;r : Da&#772;r al-Kita&#772;b al-&#699;Arabi&#772;, 1951-1952</subfield><subfield code="w">(OCoLC)644415000</subfield></datafield><datafield ind1="0" ind2="8" tag="776"><subfield code="i">Print version:</subfield><subfield code="a">Makhlu&#772;f, H&#803;asanayn Muh&#803;ammad, 1890-</subfield><subfield code="t">Fata&#772;wa&#769; shar&#699;i&#772;yah wa-buh&#803;u&#772;th Isla&#772;mi&#772;yah</subfield><subfield code="w">(NIC)1681684</subfield><subfield code="w">(OCoLC)61737192</subfield></datafield><datafield ind1="4" ind2="0" tag="856"><subfield code="u">http://hdl.handle.net/2333.1/02v6x006</subfield></datafield><datafield ind1="1" ind2=" " tag="880"><subfield code="6">100-01/r</subfield><subfield code="a">&#1605;&#1582;&#1604;&#1608;&#1601;&#1548; &#1581;&#1587;&#1606;&#1610;&#1606; &#1605;&#1581;&#1605;&#1583;&#1548;</subfield><subfield code="d">1890-</subfield></datafield><datafield ind1="1" ind2="0" tag="880"><subfield code="6">245-02/r</subfield><subfield code="a">&#1601;&#1578;&#1575;&#1608;&#1609; &#1588;&#1585;&#1593;&#1610;&#1577; &#1608;&#1576;&#1581;&#1608;&#1579; &#1575;&#1587;&#1604;&#1575;&#1605;&#1610;&#1577; /</subfield><subfield code="c">&#1576;&#1602;&#1604;&#1605; &#1581;&#1587;&#1606;&#1610;&#1606; &#1605;&#1581;&#1605;&#1583; &#1605;&#1582;&#1604;&#1608;&#1601;.</subfield></datafield><datafield ind1=" " ind2=" " tag="880"><subfield code="6">260-03/r</subfield><subfield code="a">&#1605;&#1589;&#1585; :</subfield><subfield code="b">&#1583;&#1575;&#1585; &#1575;&#1604;&#1603;&#1578;&#1575;&#1576; &#1575;&#1604;&#1593;&#1585;&#1576;&#1610;&#1548;</subfield><subfield code="c">1951-1952.</subfield></datafield><datafield ind1=" " ind2=" " tag="959"><subfield code="a">NNU</subfield><subfield code="b">WEB</subfield><subfield code="c">GENI</subfield><subfield code="t">0</subfield><subfield code="m">Electronic access</subfield><subfield code="s">01</subfield></datafield><datafield ind1=" " ind2=" " tag="999"><subfield code="i">NIC_1681684</subfield><subfield code="o">(OCoLC)ocm61737192</subfield><subfield code="s">cornell_aco000289:v.1</subfield><subfield code="e">(ERROR-880)</subfield><subfield code="s">cornell_aco000289:v.1</subfield></datafield></record>